% Encoding: UTF-8
@Thesis{ian,
  author  = {Edwards, I},
  title   = {PC-based Ultrasonic and Audio Radar Demonstrators for Sports Applications},
  school  = {University of Cape Town},
  year    = {2021},
  journal = {Undergraduate thesis},
}

@Thesis{clin,
  author  = {Lin, C},
  title   = {{Dynamic Hand Gesture Recognition Using Ultrasonic Sonar Sensors and Deep Learning}},
  school  = {{University of Cape Town}},
  year    = {2021},
  journal = {Masters thesis},
}

@Book{pomr,
  title     = {{Principles of Modern Radar: Basic Principles}},
  publisher = {SciTech Publishing},
  year      = {2010},
  author    = {M. A. {Richards} and J. A. {Scheer} and W. A. {Holm}},
}

@Misc{mitlecture,
author = {O'Donnell, R. A.},
title = {{Introduction to Radar Systems}},
location = {{Massachusetts Institute of Technology}},
year = {2002},
}

@Article{levanon,
  author    = {N. Levanon},
  title     = {Radar},
  journal   = {Encyclopedia of Physical Science and Technology},
  year      = {2003},
  volume    = {},
  number    = {3},
  pages     = {497--510},
  month     = oct,
  doi       = {https://doi.org/10.1016/B0-12-227410-5/00973-X},
  publisher = {Academic Presshttps://doi.org/10.1016/B0-12-227410-5/00973-X},
}

@InProceedings{kuschel-hagan-history,
  author    = {H. {Kuschel} and D. {O'Hagan}},
  title     = {Passive radar from history to future},
  booktitle = {11th International Radar Symposium},
  year      = {2010},
  pages     = {1-4},
}

@Article{itterbeek,
  author    = {A. Van Itterbeek and W. Van Dael and A. Cops},
  title     = {Velocity of ultrasonic waves in liquid normal and para hydrogen},
  journal   = {Encyclopedia of Physical Science and Technology},
  year      = {1961},
  volume    = {27},
  number    = {1},
  pages     = {111--116},
  month     = {January},
  doi       = {https://doi.org/10.1016/0031-8914(61)90026-X},
  publisher = {},
}

@Article{thompson,
  author    = {G. E. Thompson},
  title     = {Velocity of Ultrasonic Waves in Water Vapor},
  journal   = {Physical Review},
  year      = {1930},
  volume    = {36},
  number    = {1},
  pages     = {77--79},
  month     = {July},
  doi       = {https://doi.org/10.1103/PhysRev.36.77},
  url = {https://link.aps.org/doi/10.1103/PhysRev.36.77},
  publisher = {American Physical Society},
}

@Article{asif,
  author    = {A. Mehmood and J.M. Sabatier and T. Damarla},
  title     = {Ultrasonic Doppler methods to extract signatures of a walking human},
  journal   = {The Journal of the Acoustical Society of America},
  year      = {2012},
  volume    = {132},
  number    = {3},
  pages     = {243--249},
  month     = {May},
  doi       = {https://doi.org/10.1121/1.4746421},
  url = {https://asa.scitation.org/doi/10.1121/1.4746421},
}
% similar ultrasonic demonstrators
@Article{carullo,
  author    = {A. Carullo and M. Parvis},
  title     = {An Ultrasonic Sensor for Distance Measurement in Automotive Applications},
  journal   = {IEEE Sensors Journal},
  year      = {2001},
  volume    = {1},
  number    = {2},
  pages     = {143--147},
  month     = {August},
  doi       = {http://dx.doi.org/10.1109/JSEN.2001.936931},
  url = {https://www.researchgate.net/publication/3430936_An_ultrasonic_sensor_for_distance_measurement_in_automotive_applications},
}

@Article{enas,
  author    = {E. Odat and J.S. Shamma and C. Claudel},
  title     = {Vehicle Classification and Speed Estimation Using Combined Passive Infrared/Ultrasonic Sensors},
  journal   = {IEEE Transactions on Intelligent Transportation Systems},
  year      = {2018},
  volume    = {19},
  number    = {5},
  pages     = {1593--1606},
  month     = {May},
  doi       = {https://doi.org/10.1109/TITS.2017.2727224},
  url = {https://ieeexplore.ieee.org/document/8039243},
}

% pre-crash system
@InProceedings{sun,
  author    = {Z. {Sun} and R. {Miller} and G. {Bebis} and D. {DiMeo}},
  title     = {A Real-time Precrash Vehicle Detection System},
  booktitle   = {sixth IEEE Workshop on Applications of Computer Vision},
  year      = {2002},
  pages     = {171--176},
  month     = {December},
  doi       = {https://doi.org/10.1109/ACV.2002.1182177},
  url = {https://ieeexplore.ieee.org/abstract/document/1182177},
}

% another vehicle detection system
@Article{cheon,
  author    = {M. Cheon and W. Lee and C. Yoon and M. Park},
  title     = {Vision-Based Vehicle Detection System With Consideration of the Detecting Location},
  journal   = {IEEE Transactions on Intelligent Transportation Systems},
  year      = {2012},
  volume    = {13},
  number    = {3},
  pages     = {1243--1252},
  month     = {September},
  doi       = {https://doi.org/10.1109/TITS.2012.2188630},
  url = {https://ieeexplore.ieee.org/abstract/document/6175131},
}
% encyclopedia
@Article{skolnik,
  author    = {M. I. Skolnik},
  title     = {Radar},
  journal   = {Encyclopedia Britannica},
  year      = {1999},
  volume    = {},
  number    = {},
  pages     = {},
  month     = {July},
  doi       = {},
  url = {https://www.britannica.com/technology/radar},
}

@InProceedings{cichon,
  author    = {D.J. Cichon},
  title     = {{The Heinrich Hertz wireless experiments at Karlsruhe in the view of modern communication}},
  booktitle = {International Conference on 100 Years of Radio},
  year      = {1995},
  publisher = {{IEE}},
  doi       = {10.1049/cp:19950782},
}

@InCollection{hertz,
  author    = {Hertz, Heinrich},
  title     = {On electromagnetic waves in air and their reflection},
  booktitle = {Electric Waves, Being Researches on the Propagation of Electric Action with Finite Velocity Through Space},
  publisher = {Macmillan},
  year      = {1893},
  pages     = {519--528},
}

@Article{maxwell,
  author    = {Maxwell, James Clerk},
  title     = {{VIII. A dynamical theory of the electromagnetic field}},
  journal   = {Philosophical transactions of the Royal Society of London},
  year      = {1865},
  number    = {155},
  pages     = {459--512},
  publisher = {The Royal Society London},
}

@Book{swords,
  title         = {{Technical History of the Beginnings of Radar}},
  publisher     = {Institution of Engineering \& Technology},
  year          = {1986},
  author        = {Swords, S. S.},
  isbn          = {086341043X},
  __markedentry = {[callumtilbury:]},
  date          = {1986-06-01},
  ean           = {9780863410437},
  pagetotal     = {340},
  url           = {https://www.ebook.de/de/product/32341325/s_s_swords_technical_history_of_the_beginnings_of_radar.html},
}

@Article{tripathi,
  author    = {P. Tripathi and S. K. Shrivastava and P. Bhambhani and S. K. Verma and V. K. Khare},
  title     = {{Ultrasonics: Past, Present, \& Future}},
  journal   = {International Journal of Engineering Development and Research},
  year      = {2019},
  volume    = {7},
  number    = {3},
  pages     = {611--615},
}

@Article{bok,
  author    = {J. Bok and C. Kounelis},
  title     = {From Montmartre to the Panthéon: The Paris journey of an exceptional physicist},
  journal   = {Europhysics News},
  year      = {2007},
  volume    = {38},
  number    = {1},
  pages     = {19--21},
  month     = {April},
  doi       = {10.1051/epn:2007001},
  url = {http://www.europhysicsnews.org/},
}

@InProceedings{dussik,
  author    = {M. A. Shampo and R. A. Kyle},
  title     = {{Karl Theodore Dussik—Pioneer in Ultrasound}},
  booktitle = {Mayo Clinic Proceedings},
  year      = {1995},
  volume    = {70},
  number    = {12},
  month     = {December},
  pages     = {1136},
  doi       = {https://doi.org/10.4065/70.12.1136},
}

@Article{gillespie,
  author    = {K. Gillespie},
  title     = {12 Ultrasonic Sensor Applications},
  journal   = {MaxBotix},
  year      = {2018},
  month     = {January},
  url = {https://www.maxbotix.com/articles/ultrasonic-sensor-applications.htm},
}

@Misc{cwradarlecture,
author = {Manikas, A.},
title = {{Principles of Classical and Modern RadarContinuous Wave (CW) Radar}},
location = {{Imperial College London}},
year = {2020},
}

@InProceedings{reeder,
  author    = {G. S. Reeder and P. J. Currie and D. J. Hagler and A. J. Tajik and J. B. Seward},
  title     = {{Use of Doppler Techniques (Continuous-Wave, Pulsed-Wave, and Color Flow Imaging) in the Noninvasive Hemodynamic Assessment of Congenital Heart Disease}},
  booktitle = {Mayo Clinic Proceedings},
  year      = {1986},
  volume    = {61},
  number    = {9},
  pages     = {725--744},
  month     = {September},
  doi       = {https://doi.org/10.1016/S0025-6196(12)62774-8},
}

@Article{yu,
  author    = {D. Yu and B. Levinthal and S. L. Franconeri},
  title     = {Feature-based attention resolves depth ambiguity},
  journal   = {Psychonomic Bulletin \& Review},
  year      = {2017},
  volume    = {24},
  number    = {3},
  pages     = {804--809},
  month     = {June},
  doi       = {https://doi.org/10.3758/s13423-016-1155-x},
}

@InCollection{blackburn,
  author    = {S. G. Blackburn},
  title     = {The Resolution of Depth Ambiguity in the Kinetic Depth Effect},
  booktitle = {University of Otago Library},
  year      = {2011},
  url       = {http://hdl.handle.net/10523/1896},
}

@Article{helou,
  author    = {M. E. Helou and M. Shahpaski and S. S\"usstrunk},
  title     = {Solving the depth ambiguity in single-perspective images},
  journal   = {OSA Continuum},
  year      = {2015},
  volume    = {2},
  number    = {10},
  pages     = {2901--2913},
  month     = {October},
  doi       = {https://doi.org/10.1364/OSAC.2.002901},
}

@Book{nasser,
  publisher = {Academic Press},
  title     = {Digital Signal Processing System Design},
  author    = {N. Kehtarnavaz},
  pages     = {175},
  doi       = {https://doi.org/10.1016/B978-0-12-374490-6.00007-6},
}

@Book{smith,
  title         = {{Spectral Audio Signal Processing}},
  publisher     = {W3K Publishing},
  year          = {2011},
  author        = {Smith III, J. O.},
  isbn          = {978-0-9745607-3-1},
  url           = {http://books.w3k.org/},
}

@Article{yan,
  author    = {R. Yan and R. X. Gao},
  title     = {Multi-scale enveloping spectrogram for vibration analysis in bearing defect diagnosis},
  journal   = {Tribology International},
  year      = {2009},
  volume    = {42},
  number    = {2},
  pages     = {293--302},
  month     = {February},
  doi       = {https://doi.org/10.1016/j.triboint.2008.06.013},
}

@Article{griffaton,
  author    = {J. Griffaton and J. Picheral and A. Tenenhaus},
  title     = {Enhanced visual analysis of aircraft engines based on spectrograms},
  journal   = {Tribology International},
  year      = {2015},
  month     = {January},
  url       = {https://hal-supelec.archives-ouvertes.fr/hal-01103775},
}

@Misc{mitlecture2,
author = {},
title = {{MIT Professional Education Short Programs}},
location = {{Massachusetts Institute of Technology}},
year = {2012},
}

@Article{llorca,
  author    = {D. F. Llorca and A. H. Martinez and I. G. Daza},
  title     = {Vision-based vehicle speed estimation: A survey},
  journal   = {IET Intelligent Transport Systems},
  year      = {2021},
  volume    = {15},
  number    = {8},
  pages     = {987--1005},
  month     = {May},
  doi       = {10.1049/itr2.12079},
}

@Article{montero,
  author    = {V. M. Montero and D. F. Llorca and J. Villagr\a'a and J. P\a'erez and I. Parra and C. Gonz\a'alez and M. A. Sotelo},
  title     = {Vision-based active safety system for automatic stopping},
  journal   = {Expert Systems with Applications},
  year      = {2012},
  volume    = {39},
  number    = {12},
  pages     = {11234--11242},
  month     = {September},
  doi       = {https://doi.org/10.1016/j.eswa.2012.03.047},
}

@Article{wilson,
  author    = {C. Wilson and C. Willis and J. K. Hendrikz and R. L. Brocque and N. Bellamy},
  title     = {Speed cameras for the prevention of road traffic injuries and deaths},
  journal   = {Cochrane Database Syst Rev.},
  year      = {2010},
  volume    = {10},
  doi       = {10.1002/14651858.CD004607.pub3},
}

@Article{jeng,
  author    = {S. L. Jeng and W. H. Chieng and H. P. Lu},
  title     = {Estimating Speed Using a Side-Looking
Single-Radar Vehicle Detector},
  journal   = {IEEE Transactions on Intelligent Transportation Systems},
  year      = {2014},
  volume    = {15},
  number    = {2},
  pages     = {607--614},
  month     = {April},
}